<record><leader>00000cas a2200000 a 4500</leader><controlfield tag="001">30930840</controlfield><controlfield tag="008">940811d193519uuiluwr ne      0    0eng c</controlfield><datafield ind1=" " ind2=" " tag="010"><subfield code="a">sn 94054501 </subfield></datafield><datafield ind1=" " ind2=" " tag="040"><subfield code="a">NVF</subfield><subfield code="b">eng</subfield><subfield code="c">NVF</subfield><subfield code="d">CVF</subfield><subfield code="d">NVF</subfield><subfield code="d">OCLCF</subfield><subfield code="d">NVF</subfield><subfield code="d">OCLCO</subfield></datafield><datafield ind1="1" ind2=" " tag="029"><subfield code="a">AU@</subfield><subfield code="b">000011230087</subfield></datafield><datafield ind1=" " ind2=" " tag="042"><subfield code="a">pcc</subfield></datafield><datafield ind1=" " ind2=" " tag="043"><subfield code="a">n-us-il</subfield></datafield><datafield ind1="0" ind2="4" tag="245"><subfield code="a">The Du Page press.</subfield></datafield><datafield ind1="3" ind2=" " tag="246"><subfield code="a">DuPage press</subfield></datafield><datafield ind1=" " ind2=" " tag="260"><subfield code="a">Villa Park, Ill. ;</subfield><subfield code="a">Elmhurst, Ill. ;</subfield><subfield code="a">Lombard, Ill. ;</subfield><subfield code="a">Wheaton, Ill. :</subfield><subfield code="b">Elmhurst Press, Inc.,</subfield><subfield code="c">1935-[19--?].</subfield></datafield><datafield ind1=" " ind2=" " tag="300"><subfield code="a">v.</subfield></datafield><datafield ind1=" " ind2=" " tag="310"><subfield code="a">Weekly</subfield></datafield><datafield ind1="0" ind2=" " tag="362"><subfield code="a">Vol. 12, no. 32 (Aug. 16, 1935)-</subfield></datafield><datafield ind1=" " ind2=" " tag="500"><subfield code="a">Also published in Elmhurst, Ill., Lombard, Ill., and Wheaton, Ill.</subfield></datafield><datafield ind1=" " ind2=" " tag="515"><subfield code="a">Assumes the numbering of Villa Park news.</subfield></datafield><datafield ind1=" " ind2=" " tag="588"><subfield code="a">Latest issue consulted: Oct. 11, 1975.</subfield></datafield><datafield ind1=" " ind2="0" tag="651"><subfield code="a">DuPage County (Ill.)</subfield><subfield code="v">Newspapers.</subfield></datafield><datafield ind1=" " ind2="0" tag="651"><subfield code="a">Villa Park (Ill.)</subfield><subfield code="v">Newspapers.</subfield></datafield><datafield ind1=" " ind2="0" tag="651"><subfield code="a">Elmhurst (Ill.)</subfield><subfield code="v">Newspapers.</subfield></datafield><datafield ind1=" " ind2="0" tag="651"><subfield code="a">Lombard (Ill.)</subfield><subfield code="v">Newspapers.</subfield></datafield><datafield ind1=" " ind2="0" tag="651"><subfield code="a">Wheaton (Ill.)</subfield><subfield code="v">Newspapers.</subfield></datafield><datafield ind1=" " ind2="0" tag="651"><subfield code="a">West Chicago (Ill.)</subfield><subfield code="v">Newspapers.</subfield></datafield><datafield ind1=" " ind2="7" tag="651"><subfield code="a">Illinois</subfield><subfield code="z">DuPage County.</subfield><subfield code="2">fast</subfield><subfield code="0">(OCoLC)fst01278422</subfield></datafield><datafield ind1=" " ind2="7" tag="651"><subfield code="a">Illinois</subfield><subfield code="z">Elmhurst.</subfield><subfield code="2">fast</subfield><subfield code="0">(OCoLC)fst01205938</subfield></datafield><datafield ind1=" " ind2="7" tag="651"><subfield code="a">Illinois</subfield><subfield code="z">Lombard.</subfield><subfield code="2">fast</subfield><subfield code="0">(OCoLC)fst01213322</subfield></datafield><datafield ind1=" " ind2="7" tag="651"><subfield code="a">Illinois</subfield><subfield code="z">Villa Park.</subfield><subfield code="2">fast</subfield><subfield code="0">(OCoLC)fst01207266</subfield></datafield><datafield ind1=" " ind2="7" tag="651"><subfield code="a">Illinois</subfield><subfield code="z">West Chicago.</subfield><subfield code="2">fast</subfield><subfield code="0">(OCoLC)fst01217878</subfield></datafield><datafield ind1=" " ind2="7" tag="651"><subfield code="a">Illinois</subfield><subfield code="z">Wheaton.</subfield><subfield code="2">fast</subfield><subfield code="0">(OCoLC)fst01216595</subfield></datafield><datafield ind1=" " ind2="7" tag="655"><subfield code="a">Newspapers.</subfield><subfield code="2">fast</subfield><subfield code="0">(OCoLC)fst01423814</subfield></datafield><datafield ind1=" " ind2=" " tag="752"><subfield code="a">United States</subfield><subfield code="b">Illinois</subfield><subfield code="c">DuPage</subfield><subfield code="d">Villa Park.</subfield></datafield><datafield ind1=" " ind2=" " tag="752"><subfield code="a">United States</subfield><subfield code="b">Illinois</subfield><subfield code="c">DuPage</subfield><subfield code="d">Lombard.</subfield></datafield><datafield ind1=" " ind2=" " tag="752"><subfield code="a">United States</subfield><subfield code="b">Illinois</subfield><subfield code="c">DuPage</subfield><subfield code="d">Wheaton.</subfield></datafield><datafield ind1=" " ind2=" " tag="752"><subfield code="a">United States</subfield><subfield code="b">Illinois</subfield><subfield code="c">DuPage</subfield><subfield code="d">Elmhurst.</subfield></datafield><datafield ind1="0" ind2="1" tag="780"><subfield code="t">Villa Park news</subfield><subfield code="w">(DLC)sn2002060748</subfield><subfield code="w">(OCoLC)50303931</subfield></datafield></record>